@Book{oconnell2013,
  title = {What Is a Computer and What Can It Do?},
  author = {Thomas C. O'Connell},
  publisher = {College Publications},
  address = {Milton Keynes, UK},
  year = {2013},
  edition = {1st},
  note = {ISBN 978-1-84890-098-1}
}