@Manual{R-bookdown,
  title = {bookdown: Authoring Books and Technical Documents with R Markdown},
  author = {Yihui Xie},
  year = {2016},
  note = {R package version 0.3},
  url = {https://CRAN.R-project.org/package=bookdown},
}